@article{Jr2006A,
	title={A randomized trial of an N-methyl-D-aspartate antagonist in treatment-resistant major depression.},
	author={Jr, Zarate Ca and Singh, J. B. and Carlson, P. J. and Brutsche, N. E. and Ameli, R and Luckenbaugh, D. A. and Charney, D. S. and Manji, H. K.},
	journal={Archives of General Psychiatry},
	volume={63},
	number={8},
	pages={856-64},
	year={2006},
}

@article{银温泉2001我国地方市场分割的成因和治理,
	title={我国地方市场分割的成因和治理},
	author={银温泉 and 才婉茹},
	journal={经济研究},
	number={6},
	pages={3-12},
	year={2001},
}

@article{aa,
	title={A randomized trial of an N-methyl-D-aspartate antagonist in treatment-resistant major depression.},
	author={Jr, Zarate Ca and Singh, J. B. and Carlson, P. J. and Brutsche, N. E. and Ameli, R and Luckenbaugh, D. A. and Charney, D. S. and Manji, H. K.},
	journal={Archives of General Psychiatry},
	volume={63},
	number={8},
	pages={856-64},
	year={2006},
}